@article{owens2008gpu,
  title={GPU computing},
  author={Owens, John D and Houston, Mike and Luebke, David and Green, Simon and Stone, John E and Phillips, James C},
  year={2008}
}

@Misc{machado, 
    title={O que Ã© GPU?},
    note = {Acessed june 16, 2019},
    year = {2012},
    month={July},
    day={06},
    howpublished={\url{https://www.tecmundo.com.br/hardware/1127-o-que-e-gpu-.htm}}, 
    journal={TecMundo}, 
    publisher={TecMundo}, 
    author={Machado, Jonathan}
}

@article{park2009estimation,
  title={Estimation of the current global burden of cryptococcal meningitis among persons living with HIV/AIDS},
  author={Park, Benjamin J and Wannemuehler, Kathleen A and Marston, Barbara J and Govender, Nelesh and Pappas, Peter G and Chiller, Tom M},
  journal={Aids},
  volume={23},
  number={4},
  pages={525--530},
  year={2009},
  publisher={LWW}
}
